<?xml version="1.0" encoding="UTF-8"?><collection xmlns="http://www.loc.gov/MARC21/slim"><record><leader>00568nam--2200205-i-4500</leader><controlfield tag="001">000026351</controlfield><controlfield tag="002">20161230</controlfield><controlfield tag="005">20170123173758</controlfield><controlfield tag="008">060222s1000------------r-----000-0-rus-d</controlfield><datafield ind1=" " ind2=" " tag="040"><subfield code="a">IFIN-HH</subfield></datafield><datafield ind1=" " ind2=" " tag="041"><subfield code="a">rus</subfield></datafield><datafield ind1=" " ind2=" " tag="080"><subfield code="a">539.12</subfield></datafield><datafield ind1="1" ind2=" " tag="100"><subfield code="a">Shelest, V. P</subfield></datafield><datafield ind1="1" ind2="0" tag="245"><subfield code="a">Modeli</subfield><subfield code="b">Silinovzaimodeistvuyusih elementarnih ceastit</subfield><subfield code="c">V.P. Shelest, G.M. Znoviev, V.A. Miraskii</subfield></datafield><datafield ind1=" " ind2=" " tag="260"><subfield code="a">Moskva</subfield><subfield code="b">Atomizdat</subfield><subfield code="c">1976</subfield></datafield><datafield ind1=" " ind2=" " tag="300"><subfield code="a">2 volume</subfield></datafield><datafield ind1="1" ind2=" " tag="700"><subfield code="a">Miraskii, V. A</subfield></datafield><datafield ind1="1" ind2=" " tag="787"><subfield code="a">Tom 2</subfield><subfield code="h">248 p</subfield><subfield code="t">Dualnie Modeli</subfield></datafield><datafield ind1=" " ind2=" " tag="852"><subfield code="a">43259</subfield><subfield code="c">539.12</subfield></datafield><datafield ind1=" " ind2=" " tag="CAT"><subfield code="a">SYS</subfield><subfield code="c">20170123</subfield><subfield code="h">173758</subfield></datafield></record></collection>